%YAML 1.1
%TAG !u! tag:unity3d.com,2011:
--- !u!29 &1
OcclusionCullingSettings:
  m_ObjectHideFlags: 0
  serializedVersion: 2
  m_OcclusionBakeSettings:
    smallestOccluder: 5
    smallestHole: 0.25
    backfaceThreshold: 100
  m_SceneGUID: 00000000000000000000000000000000
  m_OcclusionCullingData: {fileID: 0}
--- !u!104 &2
RenderSettings:
  m_ObjectHideFlags: 0
  serializedVersion: 9
  m_Fog: 0
  m_FogColor: {r: 0.5, g: 0.5, b: 0.5, a: 1}
  m_FogMode: 3
  m_FogDensity: 0.01
  m_LinearFogStart: 0
  m_LinearFogEnd: 300
  m_AmbientSkyColor: {r: 0.212, g: 0.227, b: 0.259, a: 1}
  m_AmbientEquatorColor: {r: 0.114, g: 0.125, b: 0.133, a: 1}
  m_AmbientGroundColor: {r: 0.047, g: 0.043, b: 0.035, a: 1}
  m_AmbientIntensity: 1
  m_AmbientMode: 3
  m_SubtractiveShadowColor: {r: 0.42, g: 0.478, b: 0.627, a: 1}
  m_SkyboxMaterial: {fileID: 0}
  m_HaloStrength: 0.5
  m_FlareStrength: 1
  m_FlareFadeSpeed: 3
  m_HaloTexture: {fileID: 0}
  m_SpotCookie: {fileID: 10001, guid: 0000000000000000e000000000000000, type: 0}
  m_DefaultReflectionMode: 0
  m_DefaultReflectionResolution: 128
  m_ReflectionBounces: 1
  m_ReflectionIntensity: 1
  m_CustomReflection: {fileID: 0}
  m_Sun: {fileID: 0}
  m_IndirectSpecularColor: {r: 0, g: 0, b: 0, a: 1}
  m_UseRadianceAmbientProbe: 0
--- !u!157 &3
LightmapSettings:
  m_ObjectHideFlags: 0
  serializedVersion: 11
  m_GIWorkflowMode: 1
  m_GISettings:
    serializedVersion: 2
    m_BounceScale: 1
    m_IndirectOutputScale: 1
    m_AlbedoBoost: 1
    m_EnvironmentLightingMode: 0
    m_EnableBakedLightmaps: 0
    m_EnableRealtimeLightmaps: 0
  m_LightmapEditorSettings:
    serializedVersion: 12
    m_Resolution: 2
    m_BakeResolution: 40
    m_AtlasSize: 1024
    m_AO: 0
    m_AOMaxDistance: 1
    m_CompAOExponent: 1
    m_CompAOExponentDirect: 0
    m_ExtractAmbientOcclusion: 0
    m_Padding: 2
    m_LightmapParameters: {fileID: 0}
    m_LightmapsBakeMode: 1
    m_TextureCompression: 1
    m_FinalGather: 0
    m_FinalGatherFiltering: 1
    m_FinalGatherRayCount: 256
    m_ReflectionCompression: 2
    m_MixedBakeMode: 2
    m_BakeBackend: 1
    m_PVRSampling: 1
    m_PVRDirectSampleCount: 32
    m_PVRSampleCount: 512
    m_PVRBounces: 2
    m_PVREnvironmentSampleCount: 256
    m_PVREnvironmentReferencePointCount: 2048
    m_PVRFilteringMode: 1
    m_PVRDenoiserTypeDirect: 1
    m_PVRDenoiserTypeIndirect: 1
    m_PVRDenoiserTypeAO: 1
    m_PVRFilterTypeDirect: 0
    m_PVRFilterTypeIndirect: 0
    m_PVRFilterTypeAO: 0
    m_PVREnvironmentMIS: 1
    m_PVRCulling: 1
    m_PVRFilteringGaussRadiusDirect: 1
    m_PVRFilteringGaussRadiusIndirect: 5
    m_PVRFilteringGaussRadiusAO: 2
    m_PVRFilteringAtrousPositionSigmaDirect: 0.5
    m_PVRFilteringAtrousPositionSigmaIndirect: 2
    m_PVRFilteringAtrousPositionSigmaAO: 1
    m_ExportTrainingData: 0
    m_TrainingDataDestination: TrainingData
  m_LightingDataAsset: {fileID: 0}
  m_UseShadowmask: 1
--- !u!196 &4
NavMeshSettings:
  serializedVersion: 2
  m_ObjectHideFlags: 0
  m_BuildSettings:
    serializedVersion: 2
    agentTypeID: 0
    agentRadius: 0.5
    agentHeight: 2
    agentSlope: 45
    agentClimb: 0.4
    ledgeDropHeight: 0
    maxJumpAcrossDistance: 0
    minRegionArea: 2
    manualCellSize: 0
    cellSize: 0.16666667
    manualTileSize: 0
    tileSize: 256
    accuratePlacement: 0
    debug:
      m_Flags: 0
  m_NavMeshData: {fileID: 0}
--- !u!1001 &46474387
PrefabInstance:
  m_ObjectHideFlags: 0
  serializedVersion: 2
  m_Modification:
    m_TransformParent: {fileID: 0}
    m_Modifications:
    - target: {fileID: 9163750400173587855, guid: 2828d7cdc7d6a1c4d9b829faeb0e0c5c,
        type: 3}
      propertyPath: m_Name
      value: Square (1)
      objectReference: {fileID: 0}
    - target: {fileID: 9163750400173587853, guid: 2828d7cdc7d6a1c4d9b829faeb0e0c5c,
        type: 3}
      propertyPath: m_LocalPosition.x
      value: -12.134138
      objectReference: {fileID: 0}
    - target: {fileID: 9163750400173587853, guid: 2828d7cdc7d6a1c4d9b829faeb0e0c5c,
        type: 3}
      propertyPath: m_LocalPosition.y
      value: -6.092275
      objectReference: {fileID: 0}
    - target: {fileID: 9163750400173587853, guid: 2828d7cdc7d6a1c4d9b829faeb0e0c5c,
        type: 3}
      propertyPath: m_LocalPosition.z
      value: 0
      objectReference: {fileID: 0}
    - target: {fileID: 9163750400173587853, guid: 2828d7cdc7d6a1c4d9b829faeb0e0c5c,
        type: 3}
      propertyPath: m_LocalRotation.x
      value: 0
      objectReference: {fileID: 0}
    - target: {fileID: 9163750400173587853, guid: 2828d7cdc7d6a1c4d9b829faeb0e0c5c,
        type: 3}
      propertyPath: m_LocalRotation.y
      value: 0
      objectReference: {fileID: 0}
    - target: {fileID: 9163750400173587853, guid: 2828d7cdc7d6a1c4d9b829faeb0e0c5c,
        type: 3}
      propertyPath: m_LocalRotation.z
      value: 0
      objectReference: {fileID: 0}
    - target: {fileID: 9163750400173587853, guid: 2828d7cdc7d6a1c4d9b829faeb0e0c5c,
        type: 3}
      propertyPath: m_LocalRotation.w
      value: 1
      objectReference: {fileID: 0}
    - target: {fileID: 9163750400173587853, guid: 2828d7cdc7d6a1c4d9b829faeb0e0c5c,
        type: 3}
      propertyPath: m_RootOrder
      value: 6
      objectReference: {fileID: 0}
    - target: {fileID: 9163750400173587853, guid: 2828d7cdc7d6a1c4d9b829faeb0e0c5c,
        type: 3}
      propertyPath: m_LocalEulerAnglesHint.x
      value: 0
      objectReference: {fileID: 0}
    - target: {fileID: 9163750400173587853, guid: 2828d7cdc7d6a1c4d9b829faeb0e0c5c,
        type: 3}
      propertyPath: m_LocalEulerAnglesHint.y
      value: 0
      objectReference: {fileID: 0}
    - target: {fileID: 9163750400173587853, guid: 2828d7cdc7d6a1c4d9b829faeb0e0c5c,
        type: 3}
      propertyPath: m_LocalEulerAnglesHint.z
      value: 0
      objectReference: {fileID: 0}
    m_RemovedComponents: []
  m_SourcePrefab: {fileID: 100100000, guid: 2828d7cdc7d6a1c4d9b829faeb0e0c5c, type: 3}
--- !u!1 &108857567 stripped
GameObject:
  m_CorrespondingSourceObject: {fileID: 1044151857163394498, guid: bf154d26f68ec4d4f92dc1b3496c8255,
    type: 3}
  m_PrefabInstance: {fileID: 1311932917}
  m_PrefabAsset: {fileID: 0}
--- !u!1 &237697638 stripped
GameObject:
  m_CorrespondingSourceObject: {fileID: 237697638, guid: c976a481479965747b5585da865e3dad,
    type: 3}
  m_PrefabInstance: {fileID: 6973019628597729714}
  m_PrefabAsset: {fileID: 0}
--- !u!1001 &240797076
PrefabInstance:
  m_ObjectHideFlags: 0
  serializedVersion: 2
  m_Modification:
    m_TransformParent: {fileID: 0}
    m_Modifications:
    - target: {fileID: 7874452441932592664, guid: 7a81132a0d964b64e977a06ce88b0dab,
        type: 3}
      propertyPath: m_Name
      value: PotionRoot (1)
      objectReference: {fileID: 0}
    - target: {fileID: 7244807074806639532, guid: 7a81132a0d964b64e977a06ce88b0dab,
        type: 3}
      propertyPath: m_LocalPosition.x
      value: 1.89
      objectReference: {fileID: 0}
    - target: {fileID: 7244807074806639532, guid: 7a81132a0d964b64e977a06ce88b0dab,
        type: 3}
      propertyPath: m_LocalPosition.y
      value: -3.1
      objectReference: {fileID: 0}
    - target: {fileID: 7244807074806639532, guid: 7a81132a0d964b64e977a06ce88b0dab,
        type: 3}
      propertyPath: m_LocalPosition.z
      value: 0
      objectReference: {fileID: 0}
    - target: {fileID: 7244807074806639532, guid: 7a81132a0d964b64e977a06ce88b0dab,
        type: 3}
      propertyPath: m_LocalRotation.x
      value: 0
      objectReference: {fileID: 0}
    - target: {fileID: 7244807074806639532, guid: 7a81132a0d964b64e977a06ce88b0dab,
        type: 3}
      propertyPath: m_LocalRotation.y
      value: 0
      objectReference: {fileID: 0}
    - target: {fileID: 7244807074806639532, guid: 7a81132a0d964b64e977a06ce88b0dab,
        type: 3}
      propertyPath: m_LocalRotation.z
      value: 0
      objectReference: {fileID: 0}
    - target: {fileID: 7244807074806639532, guid: 7a81132a0d964b64e977a06ce88b0dab,
        type: 3}
      propertyPath: m_LocalRotation.w
      value: 1
      objectReference: {fileID: 0}
    - target: {fileID: 7244807074806639532, guid: 7a81132a0d964b64e977a06ce88b0dab,
        type: 3}
      propertyPath: m_RootOrder
      value: 16
      objectReference: {fileID: 0}
    - target: {fileID: 7244807074806639532, guid: 7a81132a0d964b64e977a06ce88b0dab,
        type: 3}
      propertyPath: m_LocalEulerAnglesHint.x
      value: 0
      objectReference: {fileID: 0}
    - target: {fileID: 7244807074806639532, guid: 7a81132a0d964b64e977a06ce88b0dab,
        type: 3}
      propertyPath: m_LocalEulerAnglesHint.y
      value: 0
      objectReference: {fileID: 0}
    - target: {fileID: 7244807074806639532, guid: 7a81132a0d964b64e977a06ce88b0dab,
        type: 3}
      propertyPath: m_LocalEulerAnglesHint.z
      value: 0
      objectReference: {fileID: 0}
    - target: {fileID: 4186211695979656006, guid: 7a81132a0d964b64e977a06ce88b0dab,
        type: 3}
      propertyPath: type
      value: 3
      objectReference: {fileID: 0}
    m_RemovedComponents: []
  m_SourcePrefab: {fileID: 100100000, guid: 7a81132a0d964b64e977a06ce88b0dab, type: 3}
--- !u!114 &275481998 stripped
MonoBehaviour:
  m_CorrespondingSourceObject: {fileID: 6973019628323691580, guid: c976a481479965747b5585da865e3dad,
    type: 3}
  m_PrefabInstance: {fileID: 6973019628597729714}
  m_PrefabAsset: {fileID: 0}
  m_GameObject: {fileID: 0}
  m_Enabled: 1
  m_EditorHideFlags: 0
  m_Script: {fileID: 11500000, guid: 5f7201a12d95ffc409449d95f23cf332, type: 3}
  m_Name: 
  m_EditorClassIdentifier: 
--- !u!114 &287474973 stripped
MonoBehaviour:
  m_CorrespondingSourceObject: {fileID: 8145394575906435469, guid: 3b4713ec96c0bbb40af68747a7ae9030,
    type: 3}
  m_PrefabInstance: {fileID: 8145394576193582224}
  m_PrefabAsset: {fileID: 0}
  m_GameObject: {fileID: 0}
  m_Enabled: 1
  m_EditorHideFlags: 0
  m_Script: {fileID: 11500000, guid: 83703381919b3084a9c10cd8b29d7532, type: 3}
  m_Name: 
  m_EditorClassIdentifier: 
--- !u!1001 &298983886
PrefabInstance:
  m_ObjectHideFlags: 0
  serializedVersion: 2
  m_Modification:
    m_TransformParent: {fileID: 0}
    m_Modifications:
    - target: {fileID: 9163750400173587855, guid: 377ea39a3d7f58843a6db126fb271f10,
        type: 3}
      propertyPath: m_Name
      value: Mushroom2
      objectReference: {fileID: 0}
    - target: {fileID: 9163750400173587853, guid: 377ea39a3d7f58843a6db126fb271f10,
        type: 3}
      propertyPath: m_LocalPosition.x
      value: -4.497905
      objectReference: {fileID: 0}
    - target: {fileID: 9163750400173587853, guid: 377ea39a3d7f58843a6db126fb271f10,
        type: 3}
      propertyPath: m_LocalPosition.y
      value: -4.524888
      objectReference: {fileID: 0}
    - target: {fileID: 9163750400173587853, guid: 377ea39a3d7f58843a6db126fb271f10,
        type: 3}
      propertyPath: m_LocalPosition.z
      value: 0
      objectReference: {fileID: 0}
    - target: {fileID: 9163750400173587853, guid: 377ea39a3d7f58843a6db126fb271f10,
        type: 3}
      propertyPath: m_LocalRotation.x
      value: 0
      objectReference: {fileID: 0}
    - target: {fileID: 9163750400173587853, guid: 377ea39a3d7f58843a6db126fb271f10,
        type: 3}
      propertyPath: m_LocalRotation.y
      value: 0
      objectReference: {fileID: 0}
    - target: {fileID: 9163750400173587853, guid: 377ea39a3d7f58843a6db126fb271f10,
        type: 3}
      propertyPath: m_LocalRotation.z
      value: 0
      objectReference: {fileID: 0}
    - target: {fileID: 9163750400173587853, guid: 377ea39a3d7f58843a6db126fb271f10,
        type: 3}
      propertyPath: m_LocalRotation.w
      value: 1
      objectReference: {fileID: 0}
    - target: {fileID: 9163750400173587853, guid: 377ea39a3d7f58843a6db126fb271f10,
        type: 3}
      propertyPath: m_RootOrder
      value: 4
      objectReference: {fileID: 0}
    - target: {fileID: 9163750400173587853, guid: 377ea39a3d7f58843a6db126fb271f10,
        type: 3}
      propertyPath: m_LocalEulerAnglesHint.x
      value: 0
      objectReference: {fileID: 0}
    - target: {fileID: 9163750400173587853, guid: 377ea39a3d7f58843a6db126fb271f10,
        type: 3}
      propertyPath: m_LocalEulerAnglesHint.y
      value: 0
      objectReference: {fileID: 0}
    - target: {fileID: 9163750400173587853, guid: 377ea39a3d7f58843a6db126fb271f10,
        type: 3}
      propertyPath: m_LocalEulerAnglesHint.z
      value: 0
      objectReference: {fileID: 0}
    m_RemovedComponents: []
  m_SourcePrefab: {fileID: 100100000, guid: 377ea39a3d7f58843a6db126fb271f10, type: 3}
--- !u!1001 &367795702
PrefabInstance:
  m_ObjectHideFlags: 0
  serializedVersion: 2
  m_Modification:
    m_TransformParent: {fileID: 0}
    m_Modifications:
    - target: {fileID: 8401246575249493945, guid: 6873a91fe298fd54580bfa6ed50babf5,
        type: 3}
      propertyPath: m_Name
      value: GlassRoot
      objectReference: {fileID: 0}
    - target: {fileID: 8401246575249493944, guid: 6873a91fe298fd54580bfa6ed50babf5,
        type: 3}
      propertyPath: m_LocalPosition.x
      value: 20.25
      objectReference: {fileID: 0}
    - target: {fileID: 8401246575249493944, guid: 6873a91fe298fd54580bfa6ed50babf5,
        type: 3}
      propertyPath: m_LocalPosition.y
      value: -3.17
      objectReference: {fileID: 0}
    - target: {fileID: 8401246575249493944, guid: 6873a91fe298fd54580bfa6ed50babf5,
        type: 3}
      propertyPath: m_LocalPosition.z
      value: 0
      objectReference: {fileID: 0}
    - target: {fileID: 8401246575249493944, guid: 6873a91fe298fd54580bfa6ed50babf5,
        type: 3}
      propertyPath: m_LocalRotation.x
      value: 0
      objectReference: {fileID: 0}
    - target: {fileID: 8401246575249493944, guid: 6873a91fe298fd54580bfa6ed50babf5,
        type: 3}
      propertyPath: m_LocalRotation.y
      value: 0
      objectReference: {fileID: 0}
    - target: {fileID: 8401246575249493944, guid: 6873a91fe298fd54580bfa6ed50babf5,
        type: 3}
      propertyPath: m_LocalRotation.z
      value: 0
      objectReference: {fileID: 0}
    - target: {fileID: 8401246575249493944, guid: 6873a91fe298fd54580bfa6ed50babf5,
        type: 3}
      propertyPath: m_LocalRotation.w
      value: 1
      objectReference: {fileID: 0}
    - target: {fileID: 8401246575249493944, guid: 6873a91fe298fd54580bfa6ed50babf5,
        type: 3}
      propertyPath: m_RootOrder
      value: 1
      objectReference: {fileID: 0}
    - target: {fileID: 8401246575249493944, guid: 6873a91fe298fd54580bfa6ed50babf5,
        type: 3}
      propertyPath: m_LocalEulerAnglesHint.x
      value: 0
      objectReference: {fileID: 0}
    - target: {fileID: 8401246575249493944, guid: 6873a91fe298fd54580bfa6ed50babf5,
        type: 3}
      propertyPath: m_LocalEulerAnglesHint.y
      value: 0
      objectReference: {fileID: 0}
    - target: {fileID: 8401246575249493944, guid: 6873a91fe298fd54580bfa6ed50babf5,
        type: 3}
      propertyPath: m_LocalEulerAnglesHint.z
      value: 0
      objectReference: {fileID: 0}
    - target: {fileID: 8401246576590310652, guid: 6873a91fe298fd54580bfa6ed50babf5,
        type: 3}
      propertyPath: player
      value: 
      objectReference: {fileID: 108857567}
    m_RemovedComponents: []
  m_SourcePrefab: {fileID: 100100000, guid: 6873a91fe298fd54580bfa6ed50babf5, type: 3}
--- !u!1 &400866802
GameObject:
  m_ObjectHideFlags: 0
  m_CorrespondingSourceObject: {fileID: 0}
  m_PrefabInstance: {fileID: 0}
  m_PrefabAsset: {fileID: 0}
  serializedVersion: 6
  m_Component:
  - component: {fileID: 400866805}
  - component: {fileID: 400866804}
  - component: {fileID: 400866803}
  m_Layer: 0
  m_Name: EventSystem
  m_TagString: Untagged
  m_Icon: {fileID: 0}
  m_NavMeshLayer: 0
  m_StaticEditorFlags: 0
  m_IsActive: 1
--- !u!114 &400866803
MonoBehaviour:
  m_ObjectHideFlags: 0
  m_CorrespondingSourceObject: {fileID: 0}
  m_PrefabInstance: {fileID: 0}
  m_PrefabAsset: {fileID: 0}
  m_GameObject: {fileID: 400866802}
  m_Enabled: 1
  m_EditorHideFlags: 0
  m_Script: {fileID: 11500000, guid: 4f231c4fb786f3946a6b90b886c48677, type: 3}
  m_Name: 
  m_EditorClassIdentifier: 
  m_HorizontalAxis: Horizontal
  m_VerticalAxis: Vertical
  m_SubmitButton: Submit
  m_CancelButton: Cancel
  m_InputActionsPerSecond: 10
  m_RepeatDelay: 0.5
  m_ForceModuleActive: 0
--- !u!114 &400866804
MonoBehaviour:
  m_ObjectHideFlags: 0
  m_CorrespondingSourceObject: {fileID: 0}
  m_PrefabInstance: {fileID: 0}
  m_PrefabAsset: {fileID: 0}
  m_GameObject: {fileID: 400866802}
  m_Enabled: 1
  m_EditorHideFlags: 0
  m_Script: {fileID: 11500000, guid: 76c392e42b5098c458856cdf6ecaaaa1, type: 3}
  m_Name: 
  m_EditorClassIdentifier: 
  m_FirstSelected: {fileID: 0}
  m_sendNavigationEvents: 1
  m_DragThreshold: 10
--- !u!4 &400866805
Transform:
  m_ObjectHideFlags: 0
  m_CorrespondingSourceObject: {fileID: 0}
  m_PrefabInstance: {fileID: 0}
  m_PrefabAsset: {fileID: 0}
  m_GameObject: {fileID: 400866802}
  m_LocalRotation: {x: 0, y: 0, z: 0, w: 1}
  m_LocalPosition: {x: 0, y: 0, z: 0}
  m_LocalScale: {x: 1, y: 1, z: 1}
  m_Children: []
  m_Father: {fileID: 0}
  m_RootOrder: 14
  m_LocalEulerAnglesHint: {x: 0, y: 0, z: 0}
--- !u!1001 &590710941
PrefabInstance:
  m_ObjectHideFlags: 0
  serializedVersion: 2
  m_Modification:
    m_TransformParent: {fileID: 0}
    m_Modifications:
    - target: {fileID: 9163750400173587855, guid: 2828d7cdc7d6a1c4d9b829faeb0e0c5c,
        type: 3}
      propertyPath: m_Name
      value: Square
      objectReference: {fileID: 0}
    - target: {fileID: 9163750400173587853, guid: 2828d7cdc7d6a1c4d9b829faeb0e0c5c,
        type: 3}
      propertyPath: m_LocalPosition.x
      value: 0.039281845
      objectReference: {fileID: 0}
    - target: {fileID: 9163750400173587853, guid: 2828d7cdc7d6a1c4d9b829faeb0e0c5c,
        type: 3}
      propertyPath: m_LocalPosition.y
      value: -4.7435155
      objectReference: {fileID: 0}
    - target: {fileID: 9163750400173587853, guid: 2828d7cdc7d6a1c4d9b829faeb0e0c5c,
        type: 3}
      propertyPath: m_LocalPosition.z
      value: 0
      objectReference: {fileID: 0}
    - target: {fileID: 9163750400173587853, guid: 2828d7cdc7d6a1c4d9b829faeb0e0c5c,
        type: 3}
      propertyPath: m_LocalRotation.x
      value: 0
      objectReference: {fileID: 0}
    - target: {fileID: 9163750400173587853, guid: 2828d7cdc7d6a1c4d9b829faeb0e0c5c,
        type: 3}
      propertyPath: m_LocalRotation.y
      value: 0
      objectReference: {fileID: 0}
    - target: {fileID: 9163750400173587853, guid: 2828d7cdc7d6a1c4d9b829faeb0e0c5c,
        type: 3}
      propertyPath: m_LocalRotation.z
      value: 0
      objectReference: {fileID: 0}
    - target: {fileID: 9163750400173587853, guid: 2828d7cdc7d6a1c4d9b829faeb0e0c5c,
        type: 3}
      propertyPath: m_LocalRotation.w
      value: 1
      objectReference: {fileID: 0}
    - target: {fileID: 9163750400173587853, guid: 2828d7cdc7d6a1c4d9b829faeb0e0c5c,
        type: 3}
      propertyPath: m_RootOrder
      value: 7
      objectReference: {fileID: 0}
    - target: {fileID: 9163750400173587853, guid: 2828d7cdc7d6a1c4d9b829faeb0e0c5c,
        type: 3}
      propertyPath: m_LocalEulerAnglesHint.x
      value: 0
      objectReference: {fileID: 0}
    - target: {fileID: 9163750400173587853, guid: 2828d7cdc7d6a1c4d9b829faeb0e0c5c,
        type: 3}
      propertyPath: m_LocalEulerAnglesHint.y
      value: 0
      objectReference: {fileID: 0}
    - target: {fileID: 9163750400173587853, guid: 2828d7cdc7d6a1c4d9b829faeb0e0c5c,
        type: 3}
      propertyPath: m_LocalEulerAnglesHint.z
      value: 0
      objectReference: {fileID: 0}
    m_RemovedComponents: []
  m_SourcePrefab: {fileID: 100100000, guid: 2828d7cdc7d6a1c4d9b829faeb0e0c5c, type: 3}
--- !u!1001 &829850084
PrefabInstance:
  m_ObjectHideFlags: 0
  serializedVersion: 2
  m_Modification:
    m_TransformParent: {fileID: 0}
    m_Modifications:
    - target: {fileID: 9163750400173587855, guid: 2828d7cdc7d6a1c4d9b829faeb0e0c5c,
        type: 3}
      propertyPath: m_Name
      value: Square (3)
      objectReference: {fileID: 0}
    - target: {fileID: 9163750400173587853, guid: 2828d7cdc7d6a1c4d9b829faeb0e0c5c,
        type: 3}
      propertyPath: m_LocalPosition.x
      value: 33.579376
      objectReference: {fileID: 0}
    - target: {fileID: 9163750400173587853, guid: 2828d7cdc7d6a1c4d9b829faeb0e0c5c,
        type: 3}
      propertyPath: m_LocalPosition.y
      value: 0.27330804
      objectReference: {fileID: 0}
    - target: {fileID: 9163750400173587853, guid: 2828d7cdc7d6a1c4d9b829faeb0e0c5c,
        type: 3}
      propertyPath: m_LocalPosition.z
      value: 0
      objectReference: {fileID: 0}
    - target: {fileID: 9163750400173587853, guid: 2828d7cdc7d6a1c4d9b829faeb0e0c5c,
        type: 3}
      propertyPath: m_LocalRotation.x
      value: 0
      objectReference: {fileID: 0}
    - target: {fileID: 9163750400173587853, guid: 2828d7cdc7d6a1c4d9b829faeb0e0c5c,
        type: 3}
      propertyPath: m_LocalRotation.y
      value: 0
      objectReference: {fileID: 0}
    - target: {fileID: 9163750400173587853, guid: 2828d7cdc7d6a1c4d9b829faeb0e0c5c,
        type: 3}
      propertyPath: m_LocalRotation.z
      value: 0
      objectReference: {fileID: 0}
    - target: {fileID: 9163750400173587853, guid: 2828d7cdc7d6a1c4d9b829faeb0e0c5c,
        type: 3}
      propertyPath: m_LocalRotation.w
      value: 1
      objectReference: {fileID: 0}
    - target: {fileID: 9163750400173587853, guid: 2828d7cdc7d6a1c4d9b829faeb0e0c5c,
        type: 3}
      propertyPath: m_RootOrder
      value: 8
      objectReference: {fileID: 0}
    - target: {fileID: 9163750400173587853, guid: 2828d7cdc7d6a1c4d9b829faeb0e0c5c,
        type: 3}
      propertyPath: m_LocalEulerAnglesHint.x
      value: 0
      objectReference: {fileID: 0}
    - target: {fileID: 9163750400173587853, guid: 2828d7cdc7d6a1c4d9b829faeb0e0c5c,
        type: 3}
      propertyPath: m_LocalEulerAnglesHint.y
      value: 0
      objectReference: {fileID: 0}
    - target: {fileID: 9163750400173587853, guid: 2828d7cdc7d6a1c4d9b829faeb0e0c5c,
        type: 3}
      propertyPath: m_LocalEulerAnglesHint.z
      value: 0
      objectReference: {fileID: 0}
    m_RemovedComponents: []
  m_SourcePrefab: {fileID: 100100000, guid: 2828d7cdc7d6a1c4d9b829faeb0e0c5c, type: 3}
--- !u!20 &955766080 stripped
Camera:
  m_CorrespondingSourceObject: {fileID: 255364759, guid: bf154d26f68ec4d4f92dc1b3496c8255,
    type: 3}
  m_PrefabInstance: {fileID: 1311932917}
  m_PrefabAsset: {fileID: 0}
--- !u!1001 &992447168
PrefabInstance:
  m_ObjectHideFlags: 0
  serializedVersion: 2
  m_Modification:
    m_TransformParent: {fileID: 0}
    m_Modifications:
    - target: {fileID: 5587657159568888749, guid: 0cf67d82a0895a9449ede0cdbb49b0e3,
        type: 3}
      propertyPath: m_Name
      value: MedkitRoot (1)
      objectReference: {fileID: 0}
    - target: {fileID: 5587657159568888750, guid: 0cf67d82a0895a9449ede0cdbb49b0e3,
        type: 3}
      propertyPath: m_LocalPosition.x
      value: 3.53
      objectReference: {fileID: 0}
    - target: {fileID: 5587657159568888750, guid: 0cf67d82a0895a9449ede0cdbb49b0e3,
        type: 3}
      propertyPath: m_LocalPosition.y
      value: -1.94
      objectReference: {fileID: 0}
    - target: {fileID: 5587657159568888750, guid: 0cf67d82a0895a9449ede0cdbb49b0e3,
        type: 3}
      propertyPath: m_LocalPosition.z
      value: 0
      objectReference: {fileID: 0}
    - target: {fileID: 5587657159568888750, guid: 0cf67d82a0895a9449ede0cdbb49b0e3,
        type: 3}
      propertyPath: m_LocalRotation.x
      value: 0
      objectReference: {fileID: 0}
    - target: {fileID: 5587657159568888750, guid: 0cf67d82a0895a9449ede0cdbb49b0e3,
        type: 3}
      propertyPath: m_LocalRotation.y
      value: 0
      objectReference: {fileID: 0}
    - target: {fileID: 5587657159568888750, guid: 0cf67d82a0895a9449ede0cdbb49b0e3,
        type: 3}
      propertyPath: m_LocalRotation.z
      value: 0
      objectReference: {fileID: 0}
    - target: {fileID: 5587657159568888750, guid: 0cf67d82a0895a9449ede0cdbb49b0e3,
        type: 3}
      propertyPath: m_LocalRotation.w
      value: 1
      objectReference: {fileID: 0}
    - target: {fileID: 5587657159568888750, guid: 0cf67d82a0895a9449ede0cdbb49b0e3,
        type: 3}
      propertyPath: m_RootOrder
      value: 12
      objectReference: {fileID: 0}
    - target: {fileID: 5587657159568888750, guid: 0cf67d82a0895a9449ede0cdbb49b0e3,
        type: 3}
      propertyPath: m_LocalEulerAnglesHint.x
      value: 0
      objectReference: {fileID: 0}
    - target: {fileID: 5587657159568888750, guid: 0cf67d82a0895a9449ede0cdbb49b0e3,
        type: 3}
      propertyPath: m_LocalEulerAnglesHint.y
      value: 0
      objectReference: {fileID: 0}
    - target: {fileID: 5587657159568888750, guid: 0cf67d82a0895a9449ede0cdbb49b0e3,
        type: 3}
      propertyPath: m_LocalEulerAnglesHint.z
      value: 0
      objectReference: {fileID: 0}
    m_RemovedComponents: []
  m_SourcePrefab: {fileID: 100100000, guid: 0cf67d82a0895a9449ede0cdbb49b0e3, type: 3}
--- !u!1001 &1160564668
PrefabInstance:
  m_ObjectHideFlags: 0
  serializedVersion: 2
  m_Modification:
    m_TransformParent: {fileID: 0}
    m_Modifications:
    - target: {fileID: 9163750400173587855, guid: 2828d7cdc7d6a1c4d9b829faeb0e0c5c,
        type: 3}
      propertyPath: m_Name
      value: Square (2)
      objectReference: {fileID: 0}
    - target: {fileID: 9163750400173587855, guid: 2828d7cdc7d6a1c4d9b829faeb0e0c5c,
        type: 3}
      propertyPath: m_TagString
      value: Square
      objectReference: {fileID: 0}
    - target: {fileID: 9163750400173587853, guid: 2828d7cdc7d6a1c4d9b829faeb0e0c5c,
        type: 3}
      propertyPath: m_LocalPosition.x
      value: 18.219366
      objectReference: {fileID: 0}
    - target: {fileID: 9163750400173587853, guid: 2828d7cdc7d6a1c4d9b829faeb0e0c5c,
        type: 3}
      propertyPath: m_LocalPosition.y
      value: -11.497135
      objectReference: {fileID: 0}
    - target: {fileID: 9163750400173587853, guid: 2828d7cdc7d6a1c4d9b829faeb0e0c5c,
        type: 3}
      propertyPath: m_LocalPosition.z
      value: 0
      objectReference: {fileID: 0}
    - target: {fileID: 9163750400173587853, guid: 2828d7cdc7d6a1c4d9b829faeb0e0c5c,
        type: 3}
      propertyPath: m_LocalRotation.x
      value: 0
      objectReference: {fileID: 0}
    - target: {fileID: 9163750400173587853, guid: 2828d7cdc7d6a1c4d9b829faeb0e0c5c,
        type: 3}
      propertyPath: m_LocalRotation.y
      value: 0
      objectReference: {fileID: 0}
    - target: {fileID: 9163750400173587853, guid: 2828d7cdc7d6a1c4d9b829faeb0e0c5c,
        type: 3}
      propertyPath: m_LocalRotation.z
      value: 0
      objectReference: {fileID: 0}
    - target: {fileID: 9163750400173587853, guid: 2828d7cdc7d6a1c4d9b829faeb0e0c5c,
        type: 3}
      propertyPath: m_LocalRotation.w
      value: 1
      objectReference: {fileID: 0}
    - target: {fileID: 9163750400173587853, guid: 2828d7cdc7d6a1c4d9b829faeb0e0c5c,
        type: 3}
      propertyPath: m_RootOrder
      value: 5
      objectReference: {fileID: 0}
    - target: {fileID: 9163750400173587853, guid: 2828d7cdc7d6a1c4d9b829faeb0e0c5c,
        type: 3}
      propertyPath: m_LocalEulerAnglesHint.x
      value: 0
      objectReference: {fileID: 0}
    - target: {fileID: 9163750400173587853, guid: 2828d7cdc7d6a1c4d9b829faeb0e0c5c,
        type: 3}
      propertyPath: m_LocalEulerAnglesHint.y
      value: 0
      objectReference: {fileID: 0}
    - target: {fileID: 9163750400173587853, guid: 2828d7cdc7d6a1c4d9b829faeb0e0c5c,
        type: 3}
      propertyPath: m_LocalEulerAnglesHint.z
      value: 0
      objectReference: {fileID: 0}
    m_RemovedComponents: []
  m_SourcePrefab: {fileID: 100100000, guid: 2828d7cdc7d6a1c4d9b829faeb0e0c5c, type: 3}
--- !u!1001 &1181234059
PrefabInstance:
  m_ObjectHideFlags: 0
  serializedVersion: 2
  m_Modification:
    m_TransformParent: {fileID: 0}
    m_Modifications:
    - target: {fileID: 7874452441932592664, guid: 7a81132a0d964b64e977a06ce88b0dab,
        type: 3}
      propertyPath: m_Name
      value: PotionRoot (3)
      objectReference: {fileID: 0}
    - target: {fileID: 7244807074806639532, guid: 7a81132a0d964b64e977a06ce88b0dab,
        type: 3}
      propertyPath: m_LocalPosition.x
      value: -7.35
      objectReference: {fileID: 0}
    - target: {fileID: 7244807074806639532, guid: 7a81132a0d964b64e977a06ce88b0dab,
        type: 3}
      propertyPath: m_LocalPosition.y
      value: -5.22
      objectReference: {fileID: 0}
    - target: {fileID: 7244807074806639532, guid: 7a81132a0d964b64e977a06ce88b0dab,
        type: 3}
      propertyPath: m_LocalPosition.z
      value: 0
      objectReference: {fileID: 0}
    - target: {fileID: 7244807074806639532, guid: 7a81132a0d964b64e977a06ce88b0dab,
        type: 3}
      propertyPath: m_LocalRotation.x
      value: 0
      objectReference: {fileID: 0}
    - target: {fileID: 7244807074806639532, guid: 7a81132a0d964b64e977a06ce88b0dab,
        type: 3}
      propertyPath: m_LocalRotation.y
      value: 0
      objectReference: {fileID: 0}
    - target: {fileID: 7244807074806639532, guid: 7a81132a0d964b64e977a06ce88b0dab,
        type: 3}
      propertyPath: m_LocalRotation.z
      value: 0
      objectReference: {fileID: 0}
    - target: {fileID: 7244807074806639532, guid: 7a81132a0d964b64e977a06ce88b0dab,
        type: 3}
      propertyPath: m_LocalRotation.w
      value: 1
      objectReference: {fileID: 0}
    - target: {fileID: 7244807074806639532, guid: 7a81132a0d964b64e977a06ce88b0dab,
        type: 3}
      propertyPath: m_RootOrder
      value: 18
      objectReference: {fileID: 0}
    - target: {fileID: 7244807074806639532, guid: 7a81132a0d964b64e977a06ce88b0dab,
        type: 3}
      propertyPath: m_LocalEulerAnglesHint.x
      value: 0
      objectReference: {fileID: 0}
    - target: {fileID: 7244807074806639532, guid: 7a81132a0d964b64e977a06ce88b0dab,
        type: 3}
      propertyPath: m_LocalEulerAnglesHint.y
      value: 0
      objectReference: {fileID: 0}
    - target: {fileID: 7244807074806639532, guid: 7a81132a0d964b64e977a06ce88b0dab,
        type: 3}
      propertyPath: m_LocalEulerAnglesHint.z
      value: 0
      objectReference: {fileID: 0}
    - target: {fileID: 4186211695979656006, guid: 7a81132a0d964b64e977a06ce88b0dab,
        type: 3}
      propertyPath: type
      value: 2
      objectReference: {fileID: 0}
    m_RemovedComponents: []
  m_SourcePrefab: {fileID: 100100000, guid: 7a81132a0d964b64e977a06ce88b0dab, type: 3}
--- !u!1001 &1185570992
PrefabInstance:
  m_ObjectHideFlags: 0
  serializedVersion: 2
  m_Modification:
    m_TransformParent: {fileID: 0}
    m_Modifications:
    - target: {fileID: 7874452441932592664, guid: 7a81132a0d964b64e977a06ce88b0dab,
        type: 3}
      propertyPath: m_Name
      value: PotionRoot (2)
      objectReference: {fileID: 0}
    - target: {fileID: 7244807074806639532, guid: 7a81132a0d964b64e977a06ce88b0dab,
        type: 3}
      propertyPath: m_LocalPosition.x
      value: -8.95
      objectReference: {fileID: 0}
    - target: {fileID: 7244807074806639532, guid: 7a81132a0d964b64e977a06ce88b0dab,
        type: 3}
      propertyPath: m_LocalPosition.y
      value: -5.57
      objectReference: {fileID: 0}
    - target: {fileID: 7244807074806639532, guid: 7a81132a0d964b64e977a06ce88b0dab,
        type: 3}
      propertyPath: m_LocalPosition.z
      value: 0
      objectReference: {fileID: 0}
    - target: {fileID: 7244807074806639532, guid: 7a81132a0d964b64e977a06ce88b0dab,
        type: 3}
      propertyPath: m_LocalRotation.x
      value: 0
      objectReference: {fileID: 0}
    - target: {fileID: 7244807074806639532, guid: 7a81132a0d964b64e977a06ce88b0dab,
        type: 3}
      propertyPath: m_LocalRotation.y
      value: 0
      objectReference: {fileID: 0}
    - target: {fileID: 7244807074806639532, guid: 7a81132a0d964b64e977a06ce88b0dab,
        type: 3}
      propertyPath: m_LocalRotation.z
      value: 0
      objectReference: {fileID: 0}
    - target: {fileID: 7244807074806639532, guid: 7a81132a0d964b64e977a06ce88b0dab,
        type: 3}
      propertyPath: m_LocalRotation.w
      value: 1
      objectReference: {fileID: 0}
    - target: {fileID: 7244807074806639532, guid: 7a81132a0d964b64e977a06ce88b0dab,
        type: 3}
      propertyPath: m_RootOrder
      value: 17
      objectReference: {fileID: 0}
    - target: {fileID: 7244807074806639532, guid: 7a81132a0d964b64e977a06ce88b0dab,
        type: 3}
      propertyPath: m_LocalEulerAnglesHint.x
      value: 0
      objectReference: {fileID: 0}
    - target: {fileID: 7244807074806639532, guid: 7a81132a0d964b64e977a06ce88b0dab,
        type: 3}
      propertyPath: m_LocalEulerAnglesHint.y
      value: 0
      objectReference: {fileID: 0}
    - target: {fileID: 7244807074806639532, guid: 7a81132a0d964b64e977a06ce88b0dab,
        type: 3}
      propertyPath: m_LocalEulerAnglesHint.z
      value: 0
      objectReference: {fileID: 0}
    - target: {fileID: 4186211695979656006, guid: 7a81132a0d964b64e977a06ce88b0dab,
        type: 3}
      propertyPath: type
      value: 2
      objectReference: {fileID: 0}
    m_RemovedComponents: []
  m_SourcePrefab: {fileID: 100100000, guid: 7a81132a0d964b64e977a06ce88b0dab, type: 3}
--- !u!1001 &1202752714
PrefabInstance:
  m_ObjectHideFlags: 0
  serializedVersion: 2
  m_Modification:
    m_TransformParent: {fileID: 0}
    m_Modifications:
    - target: {fileID: 1219099079902755463, guid: 26596ca3dd53bd048b2c1205d6e32c77,
        type: 3}
      propertyPath: m_Name
      value: CoinRoot
      objectReference: {fileID: 0}
    - target: {fileID: 1812146102381881139, guid: 26596ca3dd53bd048b2c1205d6e32c77,
        type: 3}
      propertyPath: m_LocalPosition.x
      value: -6.50221
      objectReference: {fileID: 0}
    - target: {fileID: 1812146102381881139, guid: 26596ca3dd53bd048b2c1205d6e32c77,
        type: 3}
      propertyPath: m_LocalPosition.y
      value: -2.6096616
      objectReference: {fileID: 0}
    - target: {fileID: 1812146102381881139, guid: 26596ca3dd53bd048b2c1205d6e32c77,
        type: 3}
      propertyPath: m_LocalPosition.z
      value: 0
      objectReference: {fileID: 0}
    - target: {fileID: 1812146102381881139, guid: 26596ca3dd53bd048b2c1205d6e32c77,
        type: 3}
      propertyPath: m_LocalRotation.x
      value: 0
      objectReference: {fileID: 0}
    - target: {fileID: 1812146102381881139, guid: 26596ca3dd53bd048b2c1205d6e32c77,
        type: 3}
      propertyPath: m_LocalRotation.y
      value: 0
      objectReference: {fileID: 0}
    - target: {fileID: 1812146102381881139, guid: 26596ca3dd53bd048b2c1205d6e32c77,
        type: 3}
      propertyPath: m_LocalRotation.z
      value: 0
      objectReference: {fileID: 0}
    - target: {fileID: 1812146102381881139, guid: 26596ca3dd53bd048b2c1205d6e32c77,
        type: 3}
      propertyPath: m_LocalRotation.w
      value: 1
      objectReference: {fileID: 0}
    - target: {fileID: 1812146102381881139, guid: 26596ca3dd53bd048b2c1205d6e32c77,
        type: 3}
      propertyPath: m_RootOrder
      value: 3
      objectReference: {fileID: 0}
    - target: {fileID: 1812146102381881139, guid: 26596ca3dd53bd048b2c1205d6e32c77,
        type: 3}
      propertyPath: m_LocalEulerAnglesHint.x
      value: 0
      objectReference: {fileID: 0}
    - target: {fileID: 1812146102381881139, guid: 26596ca3dd53bd048b2c1205d6e32c77,
        type: 3}
      propertyPath: m_LocalEulerAnglesHint.y
      value: 0
      objectReference: {fileID: 0}
    - target: {fileID: 1812146102381881139, guid: 26596ca3dd53bd048b2c1205d6e32c77,
        type: 3}
      propertyPath: m_LocalEulerAnglesHint.z
      value: 0
      objectReference: {fileID: 0}
    m_RemovedComponents: []
  m_SourcePrefab: {fileID: 100100000, guid: 26596ca3dd53bd048b2c1205d6e32c77, type: 3}
--- !u!1001 &1311932917
PrefabInstance:
  m_ObjectHideFlags: 0
  serializedVersion: 2
  m_Modification:
    m_TransformParent: {fileID: 0}
    m_Modifications:
    - target: {fileID: 1044151857163394498, guid: bf154d26f68ec4d4f92dc1b3496c8255,
        type: 3}
      propertyPath: m_Name
      value: Player
      objectReference: {fileID: 0}
    - target: {fileID: 1044151857163394496, guid: bf154d26f68ec4d4f92dc1b3496c8255,
        type: 3}
      propertyPath: m_LocalPosition.x
      value: -8.89
      objectReference: {fileID: 0}
    - target: {fileID: 1044151857163394496, guid: bf154d26f68ec4d4f92dc1b3496c8255,
        type: 3}
      propertyPath: m_LocalPosition.y
      value: -3.19
      objectReference: {fileID: 0}
    - target: {fileID: 1044151857163394496, guid: bf154d26f68ec4d4f92dc1b3496c8255,
        type: 3}
      propertyPath: m_LocalPosition.z
      value: 0
      objectReference: {fileID: 0}
    - target: {fileID: 1044151857163394496, guid: bf154d26f68ec4d4f92dc1b3496c8255,
        type: 3}
      propertyPath: m_LocalRotation.x
      value: 0
      objectReference: {fileID: 0}
    - target: {fileID: 1044151857163394496, guid: bf154d26f68ec4d4f92dc1b3496c8255,
        type: 3}
      propertyPath: m_LocalRotation.y
      value: 0
      objectReference: {fileID: 0}
    - target: {fileID: 1044151857163394496, guid: bf154d26f68ec4d4f92dc1b3496c8255,
        type: 3}
      propertyPath: m_LocalRotation.z
      value: 0
      objectReference: {fileID: 0}
    - target: {fileID: 1044151857163394496, guid: bf154d26f68ec4d4f92dc1b3496c8255,
        type: 3}
      propertyPath: m_LocalRotation.w
      value: 1
      objectReference: {fileID: 0}
    - target: {fileID: 1044151857163394496, guid: bf154d26f68ec4d4f92dc1b3496c8255,
        type: 3}
      propertyPath: m_RootOrder
      value: 0
      objectReference: {fileID: 0}
    - target: {fileID: 1044151857163394496, guid: bf154d26f68ec4d4f92dc1b3496c8255,
        type: 3}
      propertyPath: m_LocalEulerAnglesHint.x
      value: 0
      objectReference: {fileID: 0}
    - target: {fileID: 1044151857163394496, guid: bf154d26f68ec4d4f92dc1b3496c8255,
        type: 3}
      propertyPath: m_LocalEulerAnglesHint.y
      value: 0
      objectReference: {fileID: 0}
    - target: {fileID: 1044151857163394496, guid: bf154d26f68ec4d4f92dc1b3496c8255,
        type: 3}
      propertyPath: m_LocalEulerAnglesHint.z
      value: 0
      objectReference: {fileID: 0}
    - target: {fileID: 7800018247837801234, guid: bf154d26f68ec4d4f92dc1b3496c8255,
        type: 3}
      propertyPath: coinsText
      value: 
      objectReference: {fileID: 275481998}
    m_RemovedComponents: []
  m_SourcePrefab: {fileID: 100100000, guid: bf154d26f68ec4d4f92dc1b3496c8255, type: 3}
--- !u!1001 &1502374063
PrefabInstance:
  m_ObjectHideFlags: 0
  serializedVersion: 2
  m_Modification:
    m_TransformParent: {fileID: 0}
    m_Modifications:
    - target: {fileID: 9163750400173587855, guid: 377ea39a3d7f58843a6db126fb271f10,
        type: 3}
      propertyPath: m_Name
      value: Mushroom2 (1)
      objectReference: {fileID: 0}
    - target: {fileID: 9163750400173587853, guid: 377ea39a3d7f58843a6db126fb271f10,
        type: 3}
      propertyPath: m_LocalPosition.x
      value: 5.835412
      objectReference: {fileID: 0}
    - target: {fileID: 9163750400173587853, guid: 377ea39a3d7f58843a6db126fb271f10,
        type: 3}
      propertyPath: m_LocalPosition.y
      value: -2.2087998
      objectReference: {fileID: 0}
    - target: {fileID: 9163750400173587853, guid: 377ea39a3d7f58843a6db126fb271f10,
        type: 3}
      propertyPath: m_LocalPosition.z
      value: 0
      objectReference: {fileID: 0}
    - target: {fileID: 9163750400173587853, guid: 377ea39a3d7f58843a6db126fb271f10,
        type: 3}
      propertyPath: m_LocalRotation.x
      value: 0
      objectReference: {fileID: 0}
    - target: {fileID: 9163750400173587853, guid: 377ea39a3d7f58843a6db126fb271f10,
        type: 3}
      propertyPath: m_LocalRotation.y
      value: 0
      objectReference: {fileID: 0}
    - target: {fileID: 9163750400173587853, guid: 377ea39a3d7f58843a6db126fb271f10,
        type: 3}
      propertyPath: m_LocalRotation.z
      value: 0
      objectReference: {fileID: 0}
    - target: {fileID: 9163750400173587853, guid: 377ea39a3d7f58843a6db126fb271f10,
        type: 3}
      propertyPath: m_LocalRotation.w
      value: 1
      objectReference: {fileID: 0}
    - target: {fileID: 9163750400173587853, guid: 377ea39a3d7f58843a6db126fb271f10,
        type: 3}
      propertyPath: m_RootOrder
      value: 2
      objectReference: {fileID: 0}
    - target: {fileID: 9163750400173587853, guid: 377ea39a3d7f58843a6db126fb271f10,
        type: 3}
      propertyPath: m_LocalEulerAnglesHint.x
      value: 0
      objectReference: {fileID: 0}
    - target: {fileID: 9163750400173587853, guid: 377ea39a3d7f58843a6db126fb271f10,
        type: 3}
      propertyPath: m_LocalEulerAnglesHint.y
      value: 0
      objectReference: {fileID: 0}
    - target: {fileID: 9163750400173587853, guid: 377ea39a3d7f58843a6db126fb271f10,
        type: 3}
      propertyPath: m_LocalEulerAnglesHint.z
      value: 0
      objectReference: {fileID: 0}
    m_RemovedComponents: []
  m_SourcePrefab: {fileID: 100100000, guid: 377ea39a3d7f58843a6db126fb271f10, type: 3}
--- !u!1001 &5587657158488052360
PrefabInstance:
  m_ObjectHideFlags: 0
  serializedVersion: 2
  m_Modification:
    m_TransformParent: {fileID: 0}
    m_Modifications:
    - target: {fileID: 5587657159568888749, guid: 0cf67d82a0895a9449ede0cdbb49b0e3,
        type: 3}
      propertyPath: m_Name
      value: MedkitRoot
      objectReference: {fileID: 0}
    - target: {fileID: 5587657159568888750, guid: 0cf67d82a0895a9449ede0cdbb49b0e3,
        type: 3}
      propertyPath: m_LocalPosition.x
      value: -10.34
      objectReference: {fileID: 0}
    - target: {fileID: 5587657159568888750, guid: 0cf67d82a0895a9449ede0cdbb49b0e3,
        type: 3}
      propertyPath: m_LocalPosition.y
      value: -4.85
      objectReference: {fileID: 0}
    - target: {fileID: 5587657159568888750, guid: 0cf67d82a0895a9449ede0cdbb49b0e3,
        type: 3}
      propertyPath: m_LocalPosition.z
      value: 0
      objectReference: {fileID: 0}
    - target: {fileID: 5587657159568888750, guid: 0cf67d82a0895a9449ede0cdbb49b0e3,
        type: 3}
      propertyPath: m_LocalRotation.x
      value: 0
      objectReference: {fileID: 0}
    - target: {fileID: 5587657159568888750, guid: 0cf67d82a0895a9449ede0cdbb49b0e3,
        type: 3}
      propertyPath: m_LocalRotation.y
      value: 0
      objectReference: {fileID: 0}
    - target: {fileID: 5587657159568888750, guid: 0cf67d82a0895a9449ede0cdbb49b0e3,
        type: 3}
      propertyPath: m_LocalRotation.z
      value: 0
      objectReference: {fileID: 0}
    - target: {fileID: 5587657159568888750, guid: 0cf67d82a0895a9449ede0cdbb49b0e3,
        type: 3}
      propertyPath: m_LocalRotation.w
      value: 1
      objectReference: {fileID: 0}
    - target: {fileID: 5587657159568888750, guid: 0cf67d82a0895a9449ede0cdbb49b0e3,
        type: 3}
      propertyPath: m_RootOrder
      value: 11
      objectReference: {fileID: 0}
    - target: {fileID: 5587657159568888750, guid: 0cf67d82a0895a9449ede0cdbb49b0e3,
        type: 3}
      propertyPath: m_LocalEulerAnglesHint.x
      value: 0
      objectReference: {fileID: 0}
    - target: {fileID: 5587657159568888750, guid: 0cf67d82a0895a9449ede0cdbb49b0e3,
        type: 3}
      propertyPath: m_LocalEulerAnglesHint.y
      value: 0
      objectReference: {fileID: 0}
    - target: {fileID: 5587657159568888750, guid: 0cf67d82a0895a9449ede0cdbb49b0e3,
        type: 3}
      propertyPath: m_LocalEulerAnglesHint.z
      value: 0
      objectReference: {fileID: 0}
    m_RemovedComponents: []
  m_SourcePrefab: {fileID: 100100000, guid: 0cf67d82a0895a9449ede0cdbb49b0e3, type: 3}
--- !u!1001 &6973019628597729714
PrefabInstance:
  m_ObjectHideFlags: 0
  serializedVersion: 2
  m_Modification:
    m_TransformParent: {fileID: 0}
    m_Modifications:
    - target: {fileID: 6973019629026371729, guid: c976a481479965747b5585da865e3dad,
        type: 3}
      propertyPath: m_Name
      value: Canvas
      objectReference: {fileID: 0}
    - target: {fileID: 6973019629026371733, guid: c976a481479965747b5585da865e3dad,
        type: 3}
      propertyPath: m_LocalPosition.x
      value: 0
      objectReference: {fileID: 0}
    - target: {fileID: 6973019629026371733, guid: c976a481479965747b5585da865e3dad,
        type: 3}
      propertyPath: m_LocalPosition.y
      value: 0
      objectReference: {fileID: 0}
    - target: {fileID: 6973019629026371733, guid: c976a481479965747b5585da865e3dad,
        type: 3}
      propertyPath: m_LocalPosition.z
      value: 0
      objectReference: {fileID: 0}
    - target: {fileID: 6973019629026371733, guid: c976a481479965747b5585da865e3dad,
        type: 3}
      propertyPath: m_LocalRotation.x
      value: 0
      objectReference: {fileID: 0}
    - target: {fileID: 6973019629026371733, guid: c976a481479965747b5585da865e3dad,
        type: 3}
      propertyPath: m_LocalRotation.y
      value: 0
      objectReference: {fileID: 0}
    - target: {fileID: 6973019629026371733, guid: c976a481479965747b5585da865e3dad,
        type: 3}
      propertyPath: m_LocalRotation.z
      value: 0
      objectReference: {fileID: 0}
    - target: {fileID: 6973019629026371733, guid: c976a481479965747b5585da865e3dad,
        type: 3}
      propertyPath: m_LocalRotation.w
      value: 1
      objectReference: {fileID: 0}
    - target: {fileID: 6973019629026371733, guid: c976a481479965747b5585da865e3dad,
        type: 3}
      propertyPath: m_RootOrder
      value: 13
      objectReference: {fileID: 0}
    - target: {fileID: 6973019629026371733, guid: c976a481479965747b5585da865e3dad,
        type: 3}
      propertyPath: m_LocalEulerAnglesHint.x
      value: 0
      objectReference: {fileID: 0}
    - target: {fileID: 6973019629026371733, guid: c976a481479965747b5585da865e3dad,
        type: 3}
      propertyPath: m_LocalEulerAnglesHint.y
      value: 0
      objectReference: {fileID: 0}
    - target: {fileID: 6973019629026371733, guid: c976a481479965747b5585da865e3dad,
        type: 3}
      propertyPath: m_LocalEulerAnglesHint.z
      value: 0
      objectReference: {fileID: 0}
    - target: {fileID: 6973019629026371733, guid: c976a481479965747b5585da865e3dad,
        type: 3}
      propertyPath: m_AnchoredPosition.x
      value: 0
      objectReference: {fileID: 0}
    - target: {fileID: 6973019629026371733, guid: c976a481479965747b5585da865e3dad,
        type: 3}
      propertyPath: m_AnchoredPosition.y
      value: 0
      objectReference: {fileID: 0}
    - target: {fileID: 6973019629026371733, guid: c976a481479965747b5585da865e3dad,
        type: 3}
      propertyPath: m_SizeDelta.x
      value: 0
      objectReference: {fileID: 0}
    - target: {fileID: 6973019629026371733, guid: c976a481479965747b5585da865e3dad,
        type: 3}
      propertyPath: m_SizeDelta.y
      value: 0
      objectReference: {fileID: 0}
    - target: {fileID: 6973019629026371733, guid: c976a481479965747b5585da865e3dad,
        type: 3}
      propertyPath: m_AnchorMin.x
      value: 0
      objectReference: {fileID: 0}
    - target: {fileID: 6973019629026371733, guid: c976a481479965747b5585da865e3dad,
        type: 3}
      propertyPath: m_AnchorMin.y
      value: 0
      objectReference: {fileID: 0}
    - target: {fileID: 6973019629026371733, guid: c976a481479965747b5585da865e3dad,
        type: 3}
      propertyPath: m_AnchorMax.x
      value: 0
      objectReference: {fileID: 0}
    - target: {fileID: 6973019629026371733, guid: c976a481479965747b5585da865e3dad,
        type: 3}
      propertyPath: m_AnchorMax.y
      value: 0
      objectReference: {fileID: 0}
    - target: {fileID: 6973019629026371733, guid: c976a481479965747b5585da865e3dad,
        type: 3}
      propertyPath: m_Pivot.x
      value: 0
      objectReference: {fileID: 0}
    - target: {fileID: 6973019629026371733, guid: c976a481479965747b5585da865e3dad,
        type: 3}
      propertyPath: m_Pivot.y
      value: 0
      objectReference: {fileID: 0}
    - target: {fileID: 6973019629026371732, guid: c976a481479965747b5585da865e3dad,
        type: 3}
      propertyPath: m_Camera
      value: 
      objectReference: {fileID: 955766080}
    - target: {fileID: 6973019628323691583, guid: c976a481479965747b5585da865e3dad,
        type: 3}
      propertyPath: m_SizeDelta.x
      value: 0
      objectReference: {fileID: 0}
    - target: {fileID: 6973019628323691583, guid: c976a481479965747b5585da865e3dad,
        type: 3}
      propertyPath: m_SizeDelta.y
      value: 0
      objectReference: {fileID: 0}
    - target: {fileID: 6973019627206533947, guid: c976a481479965747b5585da865e3dad,
        type: 3}
      propertyPath: m_OnClick.m_PersistentCalls.m_Calls.Array.data[0].m_Target
      value: 
      objectReference: {fileID: 287474973}
    m_RemovedComponents: []
  m_SourcePrefab: {fileID: 100100000, guid: c976a481479965747b5585da865e3dad, type: 3}
--- !u!1001 &8145394576193582224
PrefabInstance:
  m_ObjectHideFlags: 0
  serializedVersion: 2
  m_Modification:
    m_TransformParent: {fileID: 0}
    m_Modifications:
    - target: {fileID: 8145394575906435468, guid: 3b4713ec96c0bbb40af68747a7ae9030,
        type: 3}
      propertyPath: m_Name
      value: GameManager
      objectReference: {fileID: 0}
    - target: {fileID: 8145394575906435469, guid: 3b4713ec96c0bbb40af68747a7ae9030,
        type: 3}
      propertyPath: inventoryPanel
      value: 
      objectReference: {fileID: 237697638}
    - target: {fileID: 8145394575906435470, guid: 3b4713ec96c0bbb40af68747a7ae9030,
        type: 3}
      propertyPath: m_LocalPosition.x
      value: -8.283816
      objectReference: {fileID: 0}
    - target: {fileID: 8145394575906435470, guid: 3b4713ec96c0bbb40af68747a7ae9030,
        type: 3}
      propertyPath: m_LocalPosition.y
      value: 1.6661941
      objectReference: {fileID: 0}
    - target: {fileID: 8145394575906435470, guid: 3b4713ec96c0bbb40af68747a7ae9030,
        type: 3}
      propertyPath: m_LocalPosition.z
      value: 224.07031
      objectReference: {fileID: 0}
    - target: {fileID: 8145394575906435470, guid: 3b4713ec96c0bbb40af68747a7ae9030,
        type: 3}
      propertyPath: m_LocalRotation.x
      value: 0
      objectReference: {fileID: 0}
    - target: {fileID: 8145394575906435470, guid: 3b4713ec96c0bbb40af68747a7ae9030,
        type: 3}
      propertyPath: m_LocalRotation.y
      value: 0
      objectReference: {fileID: 0}
    - target: {fileID: 8145394575906435470, guid: 3b4713ec96c0bbb40af68747a7ae9030,
        type: 3}
      propertyPath: m_LocalRotation.z
      value: 0
      objectReference: {fileID: 0}
    - target: {fileID: 8145394575906435470, guid: 3b4713ec96c0bbb40af68747a7ae9030,
        type: 3}
      propertyPath: m_LocalRotation.w
      value: 1
      objectReference: {fileID: 0}
    - target: {fileID: 8145394575906435470, guid: 3b4713ec96c0bbb40af68747a7ae9030,
        type: 3}
      propertyPath: m_RootOrder
      value: 10
      objectReference: {fileID: 0}
    - target: {fileID: 8145394575906435470, guid: 3b4713ec96c0bbb40af68747a7ae9030,
        type: 3}
      propertyPath: m_LocalEulerAnglesHint.x
      value: 0
      objectReference: {fileID: 0}
    - target: {fileID: 8145394575906435470, guid: 3b4713ec96c0bbb40af68747a7ae9030,
        type: 3}
      propertyPath: m_LocalEulerAnglesHint.y
      value: 0
      objectReference: {fileID: 0}
    - target: {fileID: 8145394575906435470, guid: 3b4713ec96c0bbb40af68747a7ae9030,
        type: 3}
      propertyPath: m_LocalEulerAnglesHint.z
      value: 0
      objectReference: {fileID: 0}
    m_RemovedComponents: []
  m_SourcePrefab: {fileID: 100100000, guid: 3b4713ec96c0bbb40af68747a7ae9030, type: 3}
--- !u!1001 &9055807432515093535
PrefabInstance:
  m_ObjectHideFlags: 0
  serializedVersion: 2
  m_Modification:
    m_TransformParent: {fileID: 0}
    m_Modifications:
    - target: {fileID: 7874452441932592664, guid: 7a81132a0d964b64e977a06ce88b0dab,
        type: 3}
      propertyPath: m_Name
      value: PotionRoot
      objectReference: {fileID: 0}
    - target: {fileID: 7244807074806639532, guid: 7a81132a0d964b64e977a06ce88b0dab,
        type: 3}
      propertyPath: m_LocalPosition.x
      value: -5.29
      objectReference: {fileID: 0}
    - target: {fileID: 7244807074806639532, guid: 7a81132a0d964b64e977a06ce88b0dab,
        type: 3}
      propertyPath: m_LocalPosition.y
      value: -4.01
      objectReference: {fileID: 0}
    - target: {fileID: 7244807074806639532, guid: 7a81132a0d964b64e977a06ce88b0dab,
        type: 3}
      propertyPath: m_LocalPosition.z
      value: 0
      objectReference: {fileID: 0}
    - target: {fileID: 7244807074806639532, guid: 7a81132a0d964b64e977a06ce88b0dab,
        type: 3}
      propertyPath: m_LocalRotation.x
      value: 0
      objectReference: {fileID: 0}
    - target: {fileID: 7244807074806639532, guid: 7a81132a0d964b64e977a06ce88b0dab,
        type: 3}
      propertyPath: m_LocalRotation.y
      value: 0
      objectReference: {fileID: 0}
    - target: {fileID: 7244807074806639532, guid: 7a81132a0d964b64e977a06ce88b0dab,
        type: 3}
      propertyPath: m_LocalRotation.z
      value: 0
      objectReference: {fileID: 0}
    - target: {fileID: 7244807074806639532, guid: 7a81132a0d964b64e977a06ce88b0dab,
        type: 3}
      propertyPath: m_LocalRotation.w
      value: 1
      objectReference: {fileID: 0}
    - target: {fileID: 7244807074806639532, guid: 7a81132a0d964b64e977a06ce88b0dab,
        type: 3}
      propertyPath: m_RootOrder
      value: 15
      objectReference: {fileID: 0}
    - target: {fileID: 7244807074806639532, guid: 7a81132a0d964b64e977a06ce88b0dab,
        type: 3}
      propertyPath: m_LocalEulerAnglesHint.x
      value: 0
      objectReference: {fileID: 0}
    - target: {fileID: 7244807074806639532, guid: 7a81132a0d964b64e977a06ce88b0dab,
        type: 3}
      propertyPath: m_LocalEulerAnglesHint.y
      value: 0
      objectReference: {fileID: 0}
    - target: {fileID: 7244807074806639532, guid: 7a81132a0d964b64e977a06ce88b0dab,
        type: 3}
      propertyPath: m_LocalEulerAnglesHint.z
      value: 0
      objectReference: {fileID: 0}
    m_RemovedComponents: []
  m_SourcePrefab: {fileID: 100100000, guid: 7a81132a0d964b64e977a06ce88b0dab, type: 3}
--- !u!1001 &9082042857250836349
PrefabInstance:
  m_ObjectHideFlags: 0
  serializedVersion: 2
  m_Modification:
    m_TransformParent: {fileID: 0}
    m_Modifications:
    - target: {fileID: 9082042856861690300, guid: ab9d2b50a3dbef441a4d5b19ffd868c2,
        type: 3}
      propertyPath: m_Name
      value: EnemyPatrolArea
      objectReference: {fileID: 0}
    - target: {fileID: 9082042856861690303, guid: ab9d2b50a3dbef441a4d5b19ffd868c2,
        type: 3}
      propertyPath: m_LocalPosition.x
      value: -1.34
      objectReference: {fileID: 0}
    - target: {fileID: 9082042856861690303, guid: ab9d2b50a3dbef441a4d5b19ffd868c2,
        type: 3}
      propertyPath: m_LocalPosition.y
      value: -4
      objectReference: {fileID: 0}
    - target: {fileID: 9082042856861690303, guid: ab9d2b50a3dbef441a4d5b19ffd868c2,
        type: 3}
      propertyPath: m_LocalPosition.z
      value: 0
      objectReference: {fileID: 0}
    - target: {fileID: 9082042856861690303, guid: ab9d2b50a3dbef441a4d5b19ffd868c2,
        type: 3}
      propertyPath: m_LocalRotation.x
      value: 0
      objectReference: {fileID: 0}
    - target: {fileID: 9082042856861690303, guid: ab9d2b50a3dbef441a4d5b19ffd868c2,
        type: 3}
      propertyPath: m_LocalRotation.y
      value: 0
      objectReference: {fileID: 0}
    - target: {fileID: 9082042856861690303, guid: ab9d2b50a3dbef441a4d5b19ffd868c2,
        type: 3}
      propertyPath: m_LocalRotation.z
      value: 0
      objectReference: {fileID: 0}
    - target: {fileID: 9082042856861690303, guid: ab9d2b50a3dbef441a4d5b19ffd868c2,
        type: 3}
      propertyPath: m_LocalRotation.w
      value: 1
      objectReference: {fileID: 0}
    - target: {fileID: 9082042856861690303, guid: ab9d2b50a3dbef441a4d5b19ffd868c2,
        type: 3}
      propertyPath: m_RootOrder
      value: 9
      objectReference: {fileID: 0}
    - target: {fileID: 9082042856861690303, guid: ab9d2b50a3dbef441a4d5b19ffd868c2,
        type: 3}
      propertyPath: m_LocalEulerAnglesHint.x
      value: 0
      objectReference: {fileID: 0}
    - target: {fileID: 9082042856861690303, guid: ab9d2b50a3dbef441a4d5b19ffd868c2,
        type: 3}
      propertyPath: m_LocalEulerAnglesHint.y
      value: 0
      objectReference: {fileID: 0}
    - target: {fileID: 9082042856861690303, guid: ab9d2b50a3dbef441a4d5b19ffd868c2,
        type: 3}
      propertyPath: m_LocalEulerAnglesHint.z
      value: 0
      objectReference: {fileID: 0}
    - target: {fileID: 9082042857940362015, guid: ab9d2b50a3dbef441a4d5b19ffd868c2,
        type: 3}
      propertyPath: player
      value: 
      objectReference: {fileID: 108857567}
    - target: {fileID: 1797778526, guid: ab9d2b50a3dbef441a4d5b19ffd868c2, type: 3}
      propertyPath: player
      value: 
      objectReference: {fileID: 108857567}
    - target: {fileID: 9082042857940362018, guid: ab9d2b50a3dbef441a4d5b19ffd868c2,
        type: 3}
      propertyPath: m_LocalPosition.x
      value: 0.08
      objectReference: {fileID: 0}
    - target: {fileID: 9082042857940362018, guid: ab9d2b50a3dbef441a4d5b19ffd868c2,
        type: 3}
      propertyPath: m_LocalPosition.y
      value: 0.99
      objectReference: {fileID: 0}
    - target: {fileID: 9082042857940362014, guid: ab9d2b50a3dbef441a4d5b19ffd868c2,
        type: 3}
      propertyPath: health
      value: 100
      objectReference: {fileID: 0}
    m_RemovedComponents: []
  m_SourcePrefab: {fileID: 100100000, guid: ab9d2b50a3dbef441a4d5b19ffd868c2, type: 3}
